@article{McLachlan1995,
 author = {McLachlan, Robert I.},
 title = {On the Numerical Integration of Ordinary Differential Equations by Symmetric Composition Methods},
 journal = {SIAM Journal on Scientific Computing},
 issue_date = {Jan. 1995},
 volume = {16},
 number = {1},
 month = jan,
 year = {1995},
 issn = {1064-8275},
 pages = {151--168},
 numpages = {18},
 url = {http://dx.doi.org/10.1137/0916010},
 doi = {10.1137/0916010},
 acmid = {208391},
 publisher = {Society for Industrial and Applied Mathematics},
 address = {Philadelphia, PA, USA},
 keywords = {Hamiltonian systems, composition methods, initial value problems, operator splitting, symplectic integrators}
} 

@article{MclachlanQuispel2006,
 author = {Robert I. Mclachlan and G. Reinout and W. Quispel},
 title = {Geometric Integrators for {ODE}s},
 journal = {J. Phys. A},
 year = {2006},
 volume = {39},
 pages = {5251--5285}
}

@incollection{BlanesCasasRos2001a,
  year={2001},
  isbn={978-3-540-41814-6},
  booktitle={Numerical Analysis and Its Applications},
  volume={1988},
  series={Lecture Notes in Computer Science},
  editor={Vulkov, Lubin and Yalamov, Plamen and Waśniewski, Jerzy},
  doi={10.1007/3-540-45262-1_13},
  title={New Families of Symplectic {R}unge--{K}utta--{N}yström Integration Methods},
  url={http://dx.doi.org/10.1007/3-540-45262-1_13},
  publisher={Springer Berlin Heidelberg},
  author={Blanes, S. and Casas, F. and Ros, J.},
  pages={102--109},
  language={English}
}

@article{McLachlan1993,
year={1993},
issn={0029-599X},
journal={Numerische Mathematik},
volume={66},
number={1},
doi={10.1007/BF01385708},
title={Symplectic integration of {H}amiltonian wave equations},
url={http://dx.doi.org/10.1007/BF01385708},
publisher={Springer-Verlag},
keywords={65M20; 58F05; 35L70},
author={McLachlan, Robert I.},
pages={465--492},
language={English}
}

@article{HairerSöderlind2005,
author = {Ernst Hairer and Gustaf Söderlind},
title = {Explicit, Time Reversible, Adaptive Step Size Control},
journal = {SIAM Journal on Scientific Computing},
volume = {26},
number = {6},
pages = {1838--1851},
year = {2005},
doi = {10.1137/040606995},
URL = {http://dx.doi.org/10.1137/040606995},
}

@article{Emelyanenko2007,
year={2007},
issn={0923-2958},
journal={Celestial Mechanics and Dynamical Astronomy},
volume={98},
number={3},
doi={10.1007/s10569-007-9077-6},
title={A method of symplectic integrations with adaptive time-steps for individual {H}amiltonians in the planetary {$N$}-body problem},
url={http://dx.doi.org/10.1007/s10569-007-9077-6},
publisher={Kluwer Academic Publishers},
keywords={Symplectic integration; Adaptive integrators; N-body simulations},
author={Emel’yanenko, V. V.},
pages={191--202},
language={English}
}

@article{BradleyJonesBeylkinSandbergAxelrad2014,
year={2014},
issn={0923-2958},
journal={Celestial Mechanics and Dynamical Astronomy},
volume={119},
number={2},
doi={10.1007/s10569-014-9551-x},
title={Bandlimited implicit {R}unge--{K}utta integration for Astrodynamics},
url={http://dx.doi.org/10.1007/s10569-014-9551-x},
publisher={Springer Netherlands},
keywords={Numerical integration; Implicit Runge–Kutta; Initial value problem; Orbit propagation; Symplectic property},
author={Bradley, B. K. and Jones, B. A. and Beylkin, G. and Sandberg, K. and Axelrad, P.},
pages={143--168},
language={English}
}

@InProceedings{PellegriniRussel2014,
author = {Etienne Pellegrini and Ryan P. Russell},
title = {{F} and {G} {T}aylor Series Solutions to the Circular Restricted Three Body Problem},
booktitle = {AAS/AIAA Spaceflight Mechanics Meeting},
year = {2014},
volume = {152},
series = {Advances in the Astronautical Sciences}
}

@article{Montenbruck1992,
year={1992},
issn={0923-2958},
journal={Celestial Mechanics and Dynamical Astronomy},
volume={53},
number={1},
doi={10.1007/BF00049361},
title={Numerical integration methods for orbital motion},
url={http://dx.doi.org/10.1007/BF00049361},
publisher={Kluwer Academic Publishers},
keywords={Numerical Integration; Runge-Kutta Methods; Multistep Methods; Extrapolation Methods; Orbit Computation},
author={Montenbruck, O.},
pages={59--69},
language={English}
}

@Article{ScottMartini2010,
author = {Scott, James R. and Martini, Michael C.},
title = {High-Speed Solution of Spacecraft Trajectory Problems Using {T}aylor Series Integration},
journal = {Journal of Spacecraft and Rockets},
year = {2010},
volume = {47},
number = {1},
pages = {199--202}
}

@TechReport{Standish1998,
author = {E. M. Standish},
title = {{JPL} Planetary and Lunar Ephemerides, {DE}405/{LE}405},
institution = {Jet Propulsion Laboratory},
year = {1998},
type = {Interoffice Memorandum},
number = {IOM 312.F--98--048},
month = aug
}

@Article{FolknerWilliamsBoggsParkKuchynka2014,
author = {W. M. Folkner and J. G. Williams and Dale H. Boggs and Ryan S. Park and Petr Kuchynka},
title = {The Planetary and Lunar Ephemerides {DE}430 and {DE}431},
journal = {Interplanetary Network Progress Report},
year = {2014},
volume = {42},
number = {196},
eprint = {http://ilrs.gsfc.nasa.gov/docs/2014/196C.pdf}
}

@TechReport{LongCappellariVelezFuchs,
author = {A. C. Long and J. O. Cappellari, Jr. and C. E. Velez and A. J. Fuchs},
title = {{G}oddard Trajectory Determination System ({GTDS}) Mathematical Theory Revision 1},
institution = {Computer Sciences Corporation and National Aeronautics and Space Administration/Goddard Space Flight Center},
year = {1989},
number = {FDD/552-89/001 CSC/TR-89/6001},
month = jul
}

@article{LaineyDuriezVienne2004,
	author = {V. Lainey and L. Duriez and A. Vienne},
	title = {New accurate ephemerides for the {G}alilean satellites of {J}upiter},
	DOI= "10.1051/0004-6361:20034565",
	url= "http://dx.doi.org/10.1051/0004-6361:20034565",
	journal = {Astronomy \& Astrophysics},
	year = 2004,
	volume = 420,
	number = 3,
	pages = "1171--1183",
	month = ""
}

@article{SharpQureshiGrazier2013,
year={2013},
issn={1017-1398},
journal={Numerical Algorithms},
volume={62},
number={1},
doi={10.1007/s11075-012-9571-0},
title={High order explicit {R}unge--{K}utta {N}yström pairs},
url={http://dx.doi.org/10.1007/s11075-012-9571-0},
publisher={Springer US},
keywords={Runge–Kutta–Nyström; Explicit; High order; Efficiency},
author={Sharp, Philip W. and Qureshi, Mohammad A. and Grazier, Kevin R.},
pages={133--148},
language={English}
}

@article{HairerMcLachlanRazakarivony2008,
year={2008},
issn={0006-3835},
journal={BIT Numerical Mathematics},
volume={48},
number={2},
doi={10.1007/s10543-008-0170-3},
title={Achieving {B}rouwer’s law with implicit {R}unge--{K}utta methods},
url={http://dx.doi.org/10.1007/s10543-008-0170-3},
publisher={Springer Netherlands},
keywords={round-off error; probabilistic error propagation; implicit Runge–Kutta methods; long-time integration; efficient implementation},
author={Hairer, E. and McLachlan, R. I. and Razakarivony, A.},
pages={231--243},
language={English}
}

@article{BlanesCasasRos2001b,
title = "High-order {R}unge--{K}utta--{N}yström geometric methods with processing ",
journal = "Applied Numerical Mathematics ",
volume = "39",
number = "3–4",
pages = "245--259",
year = "2001",
note = "Themes in Geometric Integration ",
issn = "0168-9274",
doi = "10.1016/S0168-9274(00)00035-0",
url = "http://www.sciencedirect.com/science/article/pii/S0168927400000350",
author = "S. Blanes and F. Casas and J. Ros",
keywords = "Geometric integration",
keywords = "Initial value problems",
keywords = "Processing technique "
}

@article{FarrésLaskarBlanesCasasMakazagaMurua2013,
year={2013},
issn={0923-2958},
journal={Celestial Mechanics and Dynamical Astronomy},
volume={116},
number={2},
doi={10.1007/s10569-013-9479-6},
title={High precision symplectic integrators for the {S}olar {S}ystem},
url={http://dx.doi.org/10.1007/s10569-013-9479-6},
publisher={Springer Netherlands},
keywords={Symplectic integrators; Hamiltonian systems; Planetary motion; Jacobi coordinates; Heliocentric coordinates; Splitting sympletic methods},
author={Farrés, A. and Laskar, J. and Blanes, S. and Casas, F. and Makazaga, J. and Murua, A.},
pages={141--174},
language={English}
}

@article{Chin1997,
title = "Symplectic integrators from composite operator factorizations ",
journal = "Physics Letters A ",
volume = "226",
number = "6",
pages = "344--348",
year = "1997",
note = "",
issn = "0375-9601",
doi = "10.1016/S0375-9601(97)00003-0",
url = "http://www.sciencedirect.com/science/article/pii/S0375960197000030",
author = "S. A. Chin",
keywords = "Symplectic integrators",
keywords = "Operator factorization "
}


@article{McLachlan2007,
author = {Robert I. McLachlan},
title = {A New Implementation of Symplectic {R}unge--{K}utta Methods},
journal = {SIAM Journal on Scientific Computing},
volume = {29},
number = {4},
pages = {1637--1649},
year = {2007},
doi = {10.1137/06065338X},
URL = {http://dx.doi.org/10.1137/06065338X},
}

@article{BlanesCasasRos2000,
year={2000},
issn={0923-2958},
journal={Celestial Mechanics and Dynamical Astronomy},
volume={77},
number={1},
doi={10.1023/A:1008311025472},
title={Processing Symplectic Methods for Near-Integrable {H}amiltonian Systems},
url={http://dx.doi.org/10.1023/A%3A1008311025472},
publisher={Kluwer Academic Publishers},
keywords={symplectic integrators; processing technique; near-integrable Hamiltonian systems},
author={Blanes, S. and Casas, F. and Ros, J.},
pages={17--36},
language={English}
}

@article{McLachlanQuispel2002,
author = {McLachlan, Robert I. and Quispel, G. Reinout W.},
title = {Splitting methods},
journal = {Acta Numerica},
volume = {11},
month = {1},
year = {2002},
issn = {1474-0508},
pages = {341--434},
numpages = {94},
doi = {10.1017/S0962492902000053},
URL = {http://journals.cambridge.org/article_S0962492902000053},
}

@article{BlanesCasasMurua2007,
author = { S. Blanes  and F. Casas  and A. Murua },
title = {Splitting methods for non-autonomous linear systems},
journal = {International Journal of Computer Mathematics},
volume = {84},
number = {6},
pages = {713--727},
year = {2007},
doi = {10.1080/00207160701458567},

URL = {http://dx.doi.org/10.1080/00207160701458567},
}

@article{BlanesCasasRos1999,
author = {S. Blanes and F. Casas and J. Ros},
title = {Symplectic Integration with Processing: A General Study},
journal = {SIAM Journal on Scientific Computing},
volume = {21},
number = {2},
pages = {711--727},
year = {1999},
doi = {10.1137/S1064827598332497},
URL = {http://dx.doi.org/10.1137/S1064827598332497},
}

@ARTICLE{ChinKidwell2000,
   author = {Chin, S. A. and Kidwell, D. W.},
    title = {Higher-order force gradient symplectic algorithms},
  journal = {Physical Review E},
   eprint = {http://arxiv.org/abs/physics/0006082},
 keywords = {Numerical simulation, solution of equations, Celestial mechanics},
     year = 2000,
    month = dec,
   volume = 62,
    pages = {8746},
      doi = {10.1103/PhysRevE.62.8746},
   adsurl = {http://adsabs.harvard.edu/abs/2000PhRvE..62.8746C},
  adsnote = {Provided by the SAO/NASA Astrophysics Data System}
}

@article{McLachlan2002,
year={2002},
issn={1017-1398},
journal={Numerical Algorithms},
volume={31},
number={1-4},
doi={10.1023/A:1021195019574},
title={Families of High-Order Composition Methods},
url={http://dx.doi.org/10.1023/A%3A1021195019574},
publisher={Kluwer Academic Publishers},
keywords={symplectic integrators; splitting; composition methods},
author={McLachlan, Robert I.},
pages={233--246},
language={English}
}

@article{HairerMcLachlanSkeel2009,
author={Hairer,Ernst and McLachlan,Robert I. and Skeel,Robert D.},
year={2009},
title={On energy conservation of the simplified {T}akahashi--{I}mada method},
journal={Mathematical Modelling and Numerical Analysis},
volume={43},
number={4},
pages={631--644},
note={ID: unige:5211},
keywords={Symmetric and symplectic integrators; Geometric numerical integration; Modified differential equation; Energy conservation; Henon--Heiles problem; N-body problem in molecular dynamics.},
isbn={0764-583X},
language={eng},
url={http://archive-ouverte.unige.ch/unige:5211},
}
}

@article{OkunborSkeel1994,
title = "Canonical {R}unge--{K}utta--{N}yström methods of orders five and six ",
journal = "Journal of Computational and Applied Mathematics ",
volume = "51",
number = "3",
pages = "375--382",
year = "1994",
note = "",
issn = "0377-0427",
doi = "10.1016/0377-0427(92)00119-T",
url = "http://www.sciencedirect.com/science/article/pii/037704279200119T",
author = "Daniel I. Okunbor and Robert D. Skeel",
keywords = "Hamiltonian systems",
keywords = "Canonical integrators: Symplectic integrators",
keywords = "Runge—Kutta—Nyström methods "
}

@article{Blanes:2002:PSP:632939.632942,
 author = {Blanes, S. and Moan, P. C.},
 title = {Practical Symplectic Partitioned {R}unge--{K}utta and {R}unge--{K}utta--{N}yström Methods},
 journal = {Journal of Computational and Applied Mathematics},
 issue_date = {15 May 2002},
 volume = {142},
 number = {2},
 month = may,
 year = {2002},
 issn = {0377-0427},
 pages = {313--330},
 numpages = {18},
 url = {http://dx.doi.org/10.1016/S0377-0427(01)00492-7},
 doi = {10.1016/S0377-0427(01)00492-7},
 acmid = {632942},
 publisher = {Elsevier Science Publishers B. V.},
 address = {Amsterdam, The Netherlands, The Netherlands},
 keywords = {Runge-Kutta-Nystr\"{o}m, differential equations, geometric integrators, optimised efficiency, partitioned Runge-Kutta}
} 

@ARTICLE{Beust2003,
   author = {{Beust}, H.},
    title = "{Symplectic integration of hierarchical stellar systems}",
  journal = {Astronomy \& Astrophysics},
 keywords = {methods: N-body simulations, methods: numerical, celestial mechanics, stars: binaries: general$\backslash$, stars: circumstellar matter},
     year = 2003,
    month = mar,
   volume = 400,
    pages = {1129--1144},
      doi = {10.1051/0004-6361:20030065},
   adsurl = {http://adsabs.harvard.edu/abs/2003A%26A...400.1129B},
  adsnote = {Provided by the SAO/NASA Astrophysics Data System}
}

@ARTICLE{Suzuki1990,
   author = {Suzuki, M.},
    title = "{Fractal decomposition of exponential operators with applications to many-body theories and Monte Carlo simulations}",
  journal = {Physics Letters A},
     year = 1990,
    month = jun,
   volume = 146,
    pages = {319--323},
      doi = {10.1016/0375-9601(90)90962-N},
   adsurl = {http://adsabs.harvard.edu/abs/1990PhLA..146..319S},
  adsnote = {Provided by the SAO/NASA Astrophysics Data System}
}

@article{CalvoSanzSerna1993a,
 author = {Calvo, M. P. and Sanz-Serna, J. M.},
 title = {The Development of Variable-step Symplectic Integrators with Application to the Two-body Problem},
 journal = {SIAM Journal on Scientific Computing},
 issue_date = {July 1993},
 volume = {14},
 number = {4},
 month = jul,
 year = {1993},
 issn = {1064-8275},
 pages = {936--952},
 numpages = {17},
 url = {http://dx.doi.org/10.1137/0914057},
 doi = {10.1137/0914057},
 acmid = {153560},
 publisher = {Society for Industrial and Applied Mathematics},
 address = {Philadelphia, PA, USA},
 keywords = {Kepler's problem, Runge-Kutta-Nystro\¨m methods, symplectic integration},
}

@ARTICLE{McLachlanAtela1992,
    author = {Robert I. McLachlan and Pau Atela},
    title = {The Accuracy of Symplectic Integrators},
    journal = {Nonlinearity},
    year = {1992},
    volume = {5},
    pages = {541--562}
}

@article{BlanesCasasFarrésLaskarMakazagaMurua2013,
title = "New families of symplectic splitting methods for numerical integration in dynamical astronomy ",
journal = "Applied Numerical Mathematics ",
volume = "68",
number = "",
pages = "58--72",
year = "2013",
note = "",
issn = "0168-9274",
doi = "10.1016/j.apnum.2013.01.003",
url = "http://www.sciencedirect.com/science/article/pii/S0168927413000135",
author = "S. Blanes and F. Casas and A. Farrés and J. Laskar and J. Makazaga and A. Murua",
keywords = "Symplectic integrators",
keywords = "Splitting methods",
keywords = "Near-integrable systems",
keywords = "N-body problems "
}

@article{DieleMarangi2011,
title = "Explicit symplectic partitioned {R}unge--{K}utta--{N}yström methods for non-autonomous dynamics ",
journal = "Applied Numerical Mathematics ",
volume = "61",
number = "7",
pages = "832--843",
year = "2011",
note = "",
issn = "0168-9274",
doi = "10.1016/j.apnum.2011.02.003",
url = "http://www.sciencedirect.com/science/article/pii/S0168927411000353",
author = "F. Diele and C. Marangi",
keywords = "Symplectic partitioned Runge–Kutta methods",
keywords = "Order analysis",
keywords = "Nyström methods "
}

@incollection{Everhart1985,
year={1985},
isbn={978-94-010-8884-8},
booktitle={Dynamics of Comets: Their Origin and Evolution},
volume={115},
series={Astrophysics and Space Science Library},
editor={Carusi, Andrea and Valsecchi, Giovanni B.},
doi={10.1007/978-94-009-5400-7_17},
title={An Efficient Integrator that Uses {G}auss-{R}adau Spacings},
url={http://dx.doi.org/10.1007/978-94-009-5400-7_17},
publisher={Springer Netherlands},
author={Everhart, E.},
pages={185--202},
language={English}
}

@article{CalvoSanzSerna1993b,
author = {M. P. Calvo and J. M. Sanz-Serna},
title = {High-Order Symplectic {R}unge--{K}utta--{N}yström Methods},
journal = {SIAM Journal on Scientific Computing},
volume = {14},
number = {5},
pages = {1237--1252},
year = {1993},
doi = {10.1137/0914073},
URL = {http://dx.doi.org/10.1137/0914073},
}

@article{Fine1985,
year={1987},
issn={0010-485X},
journal={Computing},
volume={38},
number={4},
doi={10.1007/BF02278707},
title={Low order practical {R}unge--{K}utta--{N}yström methods},
url={http://dx.doi.org/10.1007/BF02278707},
publisher={Springer-Verlag},
keywords={65L05; Initial value problem; Runge-Kutta-Nyström methods; truncation error coefficients; efficiency},
author={Fine, J. M.},
pages={281--297},
language={English}
}

@article{DormandElMikkwayPrince1987a,
author = {Dormand, J. R. and El-Mikkawy, M. E. A. and Prince, P. J.}, 
title = {Families of {R}unge--{K}utta--{N}yström Formulae},
volume = {7}, 
number = {2}, 
pages = {235--250}, 
year = {1987}, 
doi = {10.1093/imanum/7.2.235}, 
URL = {http://imajna.oxfordjournals.org/content/7/2/235.abstract}, 
journal = {IMA Journal of Numerical Analysis} 
}

@article{DormandElMikkawyPrince1987b,
author = {Dormand, J. R. and El-Mikkawy, M. E. A. and Prince, P. J.}, 
title = {High-Order Embedded {R}unge--{K}utta--{N}yström Formulae},
volume = {7}, 
number = {4}, 
pages = {423--430}, 
year = {1987}, 
doi = {10.1093/imanum/7.4.423}, 
URL = {http://imajna.oxfordjournals.org/content/7/4/423.abstract}, 
journal = {IMA Journal of Numerical Analysis} 
}

@article{AnastassiKosti2015,
title = "A 6(4) optimized embedded {R}unge--{K}utta--{N}yström pair for the numerical solution of periodic problems ",
journal = "Journal of Computational and Applied Mathematics ",
volume = "275",
number = "",
pages = "311--320",
year = "2015",
note = "",
issn = "0377-0427",
doi = "10.1016/j.cam.2014.07.016",
url = "http://www.sciencedirect.com/science/article/pii/S0377042714003355",
author = "Z.A. Anastassi and A.A. Kosti",
keywords = "Initial value problems",
keywords = "Numerical solution",
keywords = "Runge–Kutta–Nyström methods",
keywords = "Embedded pairs",
keywords = "Phase fitting",
keywords = "Amplification fitting "
}

@article{ElMikkawyElDesouky2003,
title = "A new optimized non-{FSAL} embedded {R}unge--{K}utta--{N}yström algorithm of orders 6 and 4 in six stages ",
journal = "Applied Mathematics and Computation ",
volume = "145",
number = "1",
pages = "33--43",
year = "2003",
note = "",
issn = "0096-3003",
doi = "10.1016/S0096-3003(02)00436-8",
url = "http://www.sciencedirect.com/science/article/pii/S0096300302004368",
author = "M. El-Mikkawy and E. D. Rahmo",
keywords = "Initial value problems",
keywords = "RKN embedded pairs",
keywords = "Step size control",
keywords = "FSAL",
keywords = "MACSYMA "
}

@article{CalvoGonzálezPintoMontijano2008,
title = "Global error estimation based on the tolerance proportionality for some adaptive {R}unge--{K}utta codes ",
journal = "Journal of Computational and Applied Mathematics ",
volume = "218",
number = "2",
pages = "329--341",
year = "2008",
note = "The Proceedings of the Twelfth International Congress on Computational and Applied Mathematics",
issn = "0377-0427",
doi = "10.1016/j.cam.2007.02.034",
url = "http://www.sciencedirect.com/science/article/pii/S0377042707001240",
author = "M. P. Calvo and S. González-Pinto and J.I. Montijano",
keywords = "Runge–Kutta methods",
keywords = "Global error estimates",
keywords = "Adaptive methods",
keywords = "Tolerance proportionality "
}

@article{CalvoHighamMontijanoRández1996,
author = {Calvo, M. P. and Higham, D. J. and Montijano, J. I. and Rández, L.}, 
title = {Global error estimation with adaptive explicit {R}unge--{K}utta methods},
volume = {16}, 
number = {1}, 
pages = {47--63}, 
year = {1996}, 
doi = {10.1093/imanum/16.1.47}, 
URL = {http://imajna.oxfordjournals.org/content/16/1/47.abstract}, 
journal = {IMA Journal of Numerical Analysis} 
}

@InProceedings{JonesAnderson2012,
author = {Brandon A. Jones and Rodney L. Anderson},
title = {A Survey of Symplectic and Collocation Integration Methods for Orbit Propagation},
booktitle = {AAS/AIAA Spaceflight Mechanics Meeting},
year = {2012},
volume = {143},
series = {Advances in the Astronautical Sciences}
}

@article{Sommeijer1993,
title = "Explicit, high-order {R}unge--{K}utta--{N}yström methods for parallel computers ",
journal = "Applied Numerical Mathematics ",
volume = "13",
number = "1–3",
pages = "221--240",
year = "1993",
note = "",
issn = "0168-9274",
doi = "10.1016/0168-9274(93)90145-H",
url = "http://www.sciencedirect.com/science/article/pii/016892749390145H",
author = "B. P. Sommeijer",
keywords = "Explicit Runge-Kutta-Nyström methods",
keywords = "predictor-corrector methods",
keywords = "parallelism",
keywords = "error control "
}

@article{FiengaMacheLaskarGastineau2008,
	author = {A. Fienga and H. Manche and J. Laskar and M. Gastineau},
	title = {{INPOP}06: a new numerical planetary ephemeris},
	DOI= "10.1051/0004-6361:20066607",
	url= "http://dx.doi.org/10.1051/0004-6361:20066607",
	journal = {Astronomy \& Astrophysics},
	year = 2008,
	volume = 477,
	number = 1,
	pages = "315--327",
	month = ""
}

@InProceedings{Jones2012,
author = {Brandon Jones},
title = {Orbit Propagation Using {G}auss-{L}egendre Collocation},
booktitle = {AIAA/AAS Astrodynamics Specialist Conference},
year = {2012},
series = {Guidance, Navigation, and Control and Co-located Conferences}
}

@article{Yoshida1990,
title = "Construction of higher order symplectic integrators ",
journal = "Physics Letters A ",
volume = "150",
number = "5–7",
pages = "262--268",
year = "1990",
note = "",
issn = "0375-9601",
doi = "10.1016/0375-9601(90)90092-3",
url = "http://www.sciencedirect.com/science/article/pii/0375960190900923",
author = "Haruo Yoshida"
}

@article{IAUWGCC2009,
year={2011},
issn={0923-2958},
journal={Celestial Mechanics and Dynamical Astronomy},
volume={109},
number={2},
doi={10.1007/s10569-010-9320-4},
title={Report of the {IAU} Working Group on Cartographic Coordinates and Rotational Elements: 2009},
url={http://dx.doi.org/10.1007/s10569-010-9320-4},
publisher={Springer Netherlands},
keywords={Cartographic coordinates; Longitude; Latitude; Rotation axes; Rotation periods; Sizes; Shapes; Planets; Satellites; Dwarf planets; Minor planets; Comets},
author={Archinal, B.A. and A’Hearn, M.F. and Bowell, E. and Conrad, A. and Consolmagno, G.J. and Courtin, R. and Fukushima, T. and Hestroffer, D. and Hilton, J.L. and Krasinsky, G.A. and Neumann, G. and Oberst, J. and Seidelmann, P.K. and Stooke, P. and Tholen, D.J. and Thomas, P.C. and Williams, I.P.},
pages={101--135},
language={English},
eprint={http://goo.gl/d6WdlJ}
}

@TechReport{IERSConventions2010,
author = {Gérard Petit and Brian Luzum},
title = {{IERS} Conventions (2010)},
institution = {International Earth Rotation and Reference Systems Service Convention Centre},
year = {2010},
type = {IERS Technical Note},
number = {36},
eprint ={http://www.iers.org/IERS/EN/Publications/TechnicalNotes/tn36.html}
}

@ARTICLE{Newhall1989,
   author = {Newhall, X. X.},
    title = "Numerical Representation of Planetary Ephemerides",
  journal = {Celestial Mechanics},
     year = 1989,
   volume = 45,
    pages = {305--310},
   adsurl = {http://adsabs.harvard.edu/abs/1989CeMec..45..305N},
  adsnote = {Provided by the SAO/NASA Astrophysics Data System},
  eprint = {http://adsabs.harvard.edu/full/1989CeMec..45..305N}
}

@TechReport{RiesBettadpurEanesKangKoMcCulloughNagelPiePooleRichterSaveTapley2016,
author = {J. Ries and S. Bettadpur and R. Eanes and Z. Kang and U. Ko and C. McCullough and P. Nagel and N. Pie and S. Poole and H. Save and B. Tapley},
title = {The Combination Global Gravity Model {GGM05C}},
institution = {Center for Space Research at the University of Texas at Austin},
year = {2016},
type = {Technical Memorandum},
number = {CSR-TM-16-01},
eprint ={ftp://ftp.csr.utexas.edu/pub/grace/GGM05/README_GGM05C.pdf},
month = jan
}

@TechReport{Saturn5AS503FlightEvaluation,
author = {{Saturn V Flight Evaluation Working Group}},
title = {Saturn {V} Launch Vehicle, Flight Evaluation Report {AS}--503, {A}pollo 8 Mission},
institution = {George C. Marshall Space Flight Center},
year = {1969},
number = {MPR-SAT-FE-69-1},
eprint = {http://hdl.handle.net/2060/19690015314},
month = feb
}

@PhdThesis{Chandler73,
author = {John Frederick Chandler},
title = {Determination of the Dynamical Properties of the Jovian System by Numerical Analysis},
school = {Massachusetts Institute of Technology},
year = {1973},
eprint={http://hdl.handle.net/1721.1/51410}
}
